@misc{softtime-table,
	author = "Выскорко М.С.",
	title = "Таблица как объект HTML, W3C DOM",
	howpublished = "\url{http://www.softtime.ru/info/articlephp.php?id_article=67}",
	note = "[Online; accessed 19-October-2016]"
 }

 @misc{e-maxx-solve,
	author = "Иванов Максим",
	title = "Метод Гаусса решения системы линейных уравнений",
	howpublished = "\url{http://e-maxx.ru/algo/linear_systems_gauss}",
	note = "[Online; accessed 19-October-2016]"
 }

@misc{wiki-mvc,
	author = "Wikipedia",
	title = "Метод Гаусса",
	howpublished = "\url{https://ru.wikipedia.org/wiki/%D0%9C%D0%B5%D1%82%D0%BE%D0%B4_%D0%93%D0%B0%D1%83%D1%81%D1%81%D0%B0}",
	note = "[Online; accessed 19-October-2016]"
 }

 @misc{mathhelpplanet-kolmogorov,
	author = "Математический форум Math Help Planet",
	title = "Уравнения Колмогорова. Предельные вероятности состояний",
	howpublished = "\url{http://mathhelpplanet.com/static.php?p=uravneniya-kolmogorova}",
	note = "[Online; accessed 19-October-2016]"
 }

  @misc{mathhelpplanet-smo,
	author = "Математический форум Math Help Planet",
	title = "Система массового обслуживания: определение и понятие",
	howpublished = "\url{http://mathhelpplanet.com/static.php?p=sistema-massovogo-obsluzhivaniya}",
	note = "[Online; accessed 19-October-2016]"
 }